<record><leader>00000nas a2200000 i 4500</leader><controlfield tag="001">925922071</controlfield><controlfield tag="006">m     o  d        </controlfield><controlfield tag="007">cr |||||||||||</controlfield><controlfield tag="008">151021d18731993lauwr neo     0   a0eng  </controlfield><datafield ind1=" " ind2=" " tag="010"><subfield code="a">  2015270565</subfield></datafield><datafield ind1=" " ind2=" " tag="040"><subfield code="a">DLC</subfield><subfield code="b">eng</subfield><subfield code="e">rda</subfield><subfield code="c">DLC</subfield></datafield><datafield ind1="0" ind2=" " tag="022"><subfield code="a">2381-5477</subfield><subfield code="2">1</subfield></datafield><datafield ind1=" " ind2=" " tag="042"><subfield code="a">pcc</subfield><subfield code="a">nsdp</subfield></datafield><datafield ind1=" " ind2=" " tag="043"><subfield code="a">n-us-la</subfield></datafield><datafield ind1="1" ind2="0" tag="050"><subfield code="a">ISSN RECORD</subfield></datafield><datafield ind1="0" ind2="0" tag="082"><subfield code="a">071</subfield><subfield code="2">23</subfield></datafield><datafield ind1="0" ind2=" " tag="130"><subfield code="a">St. Charles herald (Hahnville, La.)</subfield></datafield><datafield ind1=" " ind2="4" tag="222"><subfield code="a">The St. Charles herald</subfield><subfield code="b">(Hahnville, La. Online)</subfield></datafield><datafield ind1="1" ind2="4" tag="245"><subfield code="a">The St. Charles herald.</subfield></datafield><datafield ind1="3" ind2="0" tag="246"><subfield code="a">Saint Charles herald</subfield></datafield><datafield ind1=" " ind2="1" tag="264"><subfield code="a">Hahnville, St. Charles Parish, La. :</subfield><subfield code="b">Marcellus Vallas</subfield></datafield><datafield ind1=" " ind2=" " tag="300"><subfield code="a">1 online resource</subfield></datafield><datafield ind1=" " ind2=" " tag="310"><subfield code="a">Weekly</subfield></datafield><datafield ind1=" " ind2=" " tag="336"><subfield code="a">text</subfield><subfield code="b">txt</subfield><subfield code="2">rdacontent</subfield></datafield><datafield ind1=" " ind2=" " tag="337"><subfield code="a">computer</subfield><subfield code="b">c</subfield><subfield code="2">rdamedia</subfield></datafield><datafield ind1=" " ind2=" " tag="338"><subfield code="a">online resource</subfield><subfield code="b">cr</subfield><subfield code="2">rdacarrier</subfield></datafield><datafield ind1="1" ind2=" " tag="362"><subfield code="a">Began February 15, 1873; ceased May 27, 1993.</subfield></datafield><datafield ind1=" " ind2=" " tag="500"><subfield code="a">Published in Norco, Aug. 21, 1980-</subfield></datafield><datafield ind1=" " ind2=" " tag="500"><subfield code="a">Publisher: Horace Vallas, &lt;May 10, 1873-&gt;.</subfield></datafield><datafield ind1=" " ind2=" " tag="588"><subfield code="a">Description based on: Vol. III, no. 32 (September 25, 1875); title from masthead (Chroniclingamerica.loc.gov, viewed October 21, 2015).</subfield></datafield><datafield ind1=" " ind2=" " tag="588"><subfield code="a">Latest issue consulted: Vol. 49, no. 53 (Dec. 30, 1922) (Chroniclingamerica.loc.gov, viewed October 21, 2015).</subfield></datafield><datafield ind1=" " ind2="0" tag="651"><subfield code="a">Hahnville (La.)</subfield><subfield code="v">Newspapers.</subfield></datafield><datafield ind1=" " ind2=" " tag="752"><subfield code="a">United States</subfield><subfield code="b">Louisiana</subfield><subfield code="c">Saint Charles</subfield><subfield code="d">Norco.</subfield></datafield><datafield ind1=" " ind2=" " tag="752"><subfield code="a">United States</subfield><subfield code="b">Louisiana</subfield><subfield code="c">Saint Charles</subfield><subfield code="d">Hahnville.</subfield></datafield><datafield ind1="0" ind2="8" tag="776"><subfield code="i">Originally issued in print:</subfield><subfield code="t">St. Charles herald (Hahnville, La.)</subfield><subfield code="x">2381-5469</subfield><subfield code="w">(DLC)sn 85034322</subfield><subfield code="w">(OCoLC)12654086</subfield></datafield><datafield ind1="0" ind2="7" tag="785"><subfield code="t">River parishes guide</subfield></datafield><datafield ind1="0" ind2="7" tag="785"><subfield code="t">St. Charles herald-guide</subfield></datafield><datafield ind1="4" ind2="0" tag="856"><subfield code="u">http://www.loc.gov/chroniclingamerica/lccn/sn85034322/issues</subfield></datafield></record>